<collection xmlns="http://www.loc.gov/MARC21/slim">
<record>
  <leader>01369nam0a22002771i 450 </leader>
  <controlfield tag="001">IT\ICCU\CNCE\038736</controlfield>
  <controlfield tag="005">19981103000000.0</controlfield>
  <datafield tag="012" ind1=" " ind2=" ">
    <subfield code="a">nia- 2952 dog- Sequ (3) 1556 (R)</subfield>
    <subfield code="2">fei</subfield>
  </datafield>
  <datafield tag="100" ind1=" " ind2=" ">
    <subfield code="a">19981103d1556        0itac0103    ba</subfield>
  </datafield>
  <datafield tag="101" ind1=" " ind2=" ">
    <subfield code="a">ITA</subfield>
  </datafield>
  <datafield tag="102" ind1=" " ind2=" ">
    <subfield code="a">IT</subfield>
  </datafield>
  <datafield tag="200" ind1="1" ind2=" ">
    <subfield code="a">Opera spirituale di Alberto Magno intitolata Paradiso dell&apos;anima. Tradotta in lingua toscana per Messer Frosino Lapini</subfield>
  </datafield>
  <datafield tag="205" ind1=" " ind2=" ">
    <subfield code="a">Nuouamente stampata</subfield>
  </datafield>
  <datafield tag="210" ind1=" " ind2=" ">
    <subfield code="a">In Fiorenza</subfield>
    <subfield code="c">appresso i Giunti</subfield>
    <subfield code="d">1556</subfield>
    <subfield code="e">In Firenze</subfield>
    <subfield code="g">appresso i Giunti</subfield>
    <subfield code="h">1556</subfield>
  </datafield>
  <datafield tag="215" ind1=" " ind2=" ">
    <subfield code="a">\8!, 112 c.</subfield>
    <subfield code="d"></subfield>
  </datafield>
  <datafield tag="300" ind1=" " ind2=" ">
    <subfield code="a"></subfield>
  </datafield>
  <datafield tag="700" ind1=" " ind2="0">
    <subfield code="a">Albertus</subfield>
    <subfield code="c"> : Magnus</subfield>
    <subfield code="c"> &lt;santo&gt;</subfield>
    <subfield code="3">IT\ICCU\CNCA\000555</subfield>
  </datafield>
  <datafield tag="702" ind1=" " ind2="1">
    <subfield code="a">Lapini,</subfield>
    <subfield code="b">Eufrosino</subfield>
    <subfield code="3">IT\ICCU\CNCA\004398</subfield>
  </datafield>
  <datafield tag="790" ind1=" " ind2="0">
    <subfield code="a">Albert</subfield>
    <subfield code="c"> : der Grosse</subfield>
    <subfield code="3">IT\ICCU\CNCA\012421</subfield>
    <subfield code="z">Albertus : Magnus &lt;santo&gt;</subfield>
  </datafield>
  <datafield tag="790" ind1=" " ind2="0">
    <subfield code="a">Albert</subfield>
    <subfield code="c"> : von#Bollstd̃t</subfield>
    <subfield code="3">IT\ICCU\CNCA\018619</subfield>
    <subfield code="z">Albertus : Magnus &lt;santo&gt;</subfield>
  </datafield>
  <datafield tag="790" ind1=" " ind2="0">
    <subfield code="a">Alberto Magno</subfield>
    <subfield code="3">IT\ICCU\CNCA\018898</subfield>
    <subfield code="z">Albertus : Magnus &lt;santo&gt;</subfield>
  </datafield>
  <datafield tag="790" ind1=" " ind2="1">
    <subfield code="a">Lapini,</subfield>
    <subfield code="b">Frosino</subfield>
    <subfield code="3">IT\ICCU\CNCA\018598</subfield>
    <subfield code="z">Lapini, Eufrosino</subfield>
  </datafield>
  <datafield tag="790" ind1=" " ind2="1">
    <subfield code="a">Lapinius,</subfield>
    <subfield code="b">Euphrosinus</subfield>
    <subfield code="3">IT\ICCU\CNCA\021593</subfield>
    <subfield code="z">Lapini, Eufrosino</subfield>
  </datafield>
  <datafield tag="801" ind1=" " ind2="3">
    <subfield code="a">IT</subfield>
    <subfield code="b">ICCU</subfield>
    <subfield code="c">20201114</subfield>
  </datafield>
  <datafield tag="899" ind1=" " ind2=" ">
    <subfield code="a">Biblioteca nazionale centrale. Firenze</subfield>
    <subfield code="1">FI0098</subfield>
    <subfield code="2">CFI CF</subfield>
  </datafield>
  <datafield tag="899" ind1=" " ind2=" ">
    <subfield code="a">Biblioteca universitaria Alessandrina. Roma</subfield>
    <subfield code="1">RM0280</subfield>
    <subfield code="2">RML 01</subfield>
  </datafield>
</record>
</collection>
